@article{DBLP:journals/corr/BahrampourRSS15,
  author    = {Soheil Bahrampour and
               Naveen Ramakrishnan and
               Lukas Schott and
               Mohak Shah},
  title     = {Comparative Study of Caffe, Neon, Theano, and Torch for Deep Learning},
  journal   = {CoRR},
  volume    = {abs/1511.06435},
  year      = {2015},
  url       = {http://arxiv.org/abs/1511.06435},
  timestamp = {Tue, 01 Dec 2015 19:22:34 +0100},
  biburl    = {http://dblp.uni-trier.de/rec/bib/journals/corr/BahrampourRSS15},
  bibsource = {dblp computer science bibliography, http://dblp.org}
}

@misc{Large52:online,
author = {},
title = {Large Scale Distributed Deep Learning on Hadoop... | Hadoop at Yahoo},
howpublished = {\url{http://yahoohadoop.tumblr.com/post/129872361846/large-scale-distributed-deep-learning-on-hadoop}},
month = {},
year = {},
note = {(Accessed on 07/23/2016)}
}

@misc{Caffe27:online,
author = {},
title = {CaffeOnSpark Open Sourced for Distributed Deep... | Hadoop at Yahoo},
howpublished = {\url{http://yahoohadoop.tumblr.com/post/139916563586/caffeonspark-open-sourced-for-distributed-deep}},
month = {},
year = {},
note = {(Accessed on 07/23/2016)}
}

@article{DBLP:journals/corr/AbadiABBCCCDDDG16,
author    = {Mart{\'{\i}}n Abadi and
           Ashish Agarwal and
           Paul Barham and
           Eugene Brevdo and
           Zhifeng Chen and
           Craig Citro and
           Gregory S. Corrado and
           Andy Davis and
           Jeffrey Dean and
           Matthieu Devin and
           Sanjay Ghemawat and
           Ian J. Goodfellow and
           Andrew Harp and
           Geoffrey Irving and
           Michael Isard and
           Yangqing Jia and
           Rafal J{\'{o}}zefowicz and
           Lukasz Kaiser and
           Manjunath Kudlur and
           Josh Levenberg and
           Dan Man{\'{e}} and
           Rajat Monga and
           Sherry Moore and
           Derek Gordon Murray and
           Chris Olah and
           Mike Schuster and
           Jonathon Shlens and
           Benoit Steiner and
           Ilya Sutskever and
           Kunal Talwar and
           Paul A. Tucker and
           Vincent Vanhoucke and
           Vijay Vasudevan and
           Fernanda B. Vi{\'{e}}gas and
           Oriol Vinyals and
           Pete Warden and
           Martin Wattenberg and
           Martin Wicke and
           Yuan Yu and
           Xiaoqiang Zheng},
title     = {TensorFlow: Large-Scale Machine Learning on Heterogeneous Distributed
           Systems},
journal   = {CoRR},
volume    = {abs/1603.04467},
year      = {2016},
url       = {http://arxiv.org/abs/1603.04467},
timestamp = {Fri, 01 Jul 2016 14:44:15 +0200},
biburl    = {http://dblp.uni-trier.de/rec/bib/journals/corr/AbadiABBCCCDDDG16},
bibsource = {dblp computer science bibliography, http://dblp.org}
}